
@inproceedings{layton_authorship_2010,
	title = {Authorship Attribution for Twitter in 140 Characters or Less},
	doi = {10.1109/CTC.2010.17},
	eventtitle = {Cybercrime and Trustworthy Computing Workshop ({CTC}), 2010 Second},
	pages = {1--8},
	booktitle = {Cybercrime and Trustworthy Computing Workshop ({CTC}), 2010 Second},
	author = {Layton, R. and Watters, P. and Dazeley, R.},
	date = {2010-07},
	keywords = {Accuracy, authorisation, authorship attribution, Clustering algorithms, Computer crime, data mining, directed message, Electronic mail, Internet, Internet relay chat, microblogging Website, {SCAP} methodology, social networking (online), Testing, text analysis, text mining, Twitter, twitter message, word processing},
}


@article{stamatatos_survey_2009,
	title = {A survey of modern authorship attribution methods},
	volume = {60},
	copyright = {Â© 2008 ASIS\&T},
	issn = {1532-2890},
	doi = {10.1002/asi.21001},
	language = {en},
	number = {3},
	urldate = {2015-04-16},
	journal = {Journal of the American Society for Information Science and Technology},
	author = {Stamatatos, Efstathios},
	month = mar,
	year = {2009},
	pages = {538--556},
}


@inproceedings{narayanan_feasibility_2012,
	title = {On the Feasibility of Internet-Scale Author Identification},
	doi = {10.1109/SP.2012.46},
	eventtitle = {2012 {IEEE} Symposium on Security and Privacy ({SP})},
	pages = {300--314},
	booktitle = {2012 {IEEE} Symposium on Security and Privacy ({SP})},
	author = {Narayanan, A. and Paskov, H. and Gong, N.Z. and Bethencourt, J. and Stefanov, E. and Shin, E.C.R. and Song, D.},
	date = {2012-05},
	keywords = {anonymous author, anonymous blogger, Blogs, confidence estimation, Context, data privacy, document image processing, Estimation, feature extraction, free speech, handwriting recognition, Internet, Internet-scale author identification, linguistic stylometry, message authentication, Speech, stylometric authorship recognition, whistleblower, Writing, writing style},
}